@article{lemarechal2012cauchy,
  title={Cauchy and the gradient method},
  author={Lemar{\'e}chal, Claude},
  journal={Doc Math Extra},
  volume={251},
  number={254},
  pages={10},
  year={2012}
}

@online{coursera2024gradientdescent,
  title={What Is Gradient Descent in Machine Learning?},
  author={{Coursera Staff}},
  year={2024},
  note={Updated on Mar 21, 2024},
  url={https://www.coursera.org/articles/what-is-gradient-descent},
  journal={Coursera}
}